%% This BibTeX bibliography file was created using BibDesk.
%% http://bibdesk.sourceforge.net/


%% Created for Eduardo Lundgren at 2013-03-13 18:39:56 -0300 


%% Saved with string encoding Unicode (UTF-8) 

@article{Johnson2003,
  Address = {Piscataway, NJ, USA},
  Author = {Jeffrey N. Johnson and Paul F. Dubois},
  File = {[2003 Johnson] Issue tracking.pdf:/media/backup-part/Documentos/computacao/academia/ufpe/dissertacao-msc/papers-relacionados/[2003 Johnson] Issue tracking.pdf:PDF},
  Journal = {Computing in Science and Engineering},
  Month = {November},
  Number = {6},
  Owner = {yguarata},
  Pages = {71-77},
  Publisher = {IEEE Educational Activities Department},
  Timestamp = {2007.09.12},
  Title = {Issue Tracking},
  Volume = {5},
  Year = {2003}
}

@article{Johnson2004,
  Address = {Piscataway, NJ, USA},
  Author = {Jeffrey N. Johnson and Paul F. Dubois},
  File = {[2003 Johnson] Issue tracking.pdf:/media/backup-part/Documentos/computacao/academia/ufpe/dissertacao-msc/papers-relacionados/[2003 Johnson] Issue tracking.pdf:PDF},
  Journal = {Computing in Science and Engineering},
  Month = {November},
  Number = {6},
  Owner = {yguarata},
  Pages = {71-77},
  Publisher = {IEEE Educational Activities Department},
  Timestamp = {2007.09.12},
  Title = {Issue Tracking},
  Volume = {5},
  Year = {2003}
}

@misc{w3c:www,
  Author = {World Wide Web Consortium},
  Date-Modified = {2013-03-13 21:39:56 +0000},
  Howpublished = {\url{http://www.w3.org/Consortium/}},
  Note = {[Online; accessed 13-Marc-2013]},
  Title = {World Wide Web Consortium (W3C)},
  Year = {2013}
}

@misc{w3c:history,
  Author = {World Wide Web Consortium},
  Date-Modified = {2013-03-13 21:39:56 +0000},
  Howpublished = {\url{http://www.w3.org/History.html}},
  Note = {[Online; accessed 13-Marc-2013]},
  Title = {History of the World Wide Web --- W3C},
  Year = {2013}
}

@book{gillies2000web,
  title={How the Web was born: The story of the World Wide Web},
  author={Gillies, James and Cailliau, Robert},
  year={2000},
  publisher={Oxford University Press, USA}
}

@inproceedings{grosskurth2005reference,
  title={A reference architecture for web browsers},
  author={Grosskurth, Alan and Godfrey, Michael W},
  booktitle={Software Maintenance, 2005. ICSM'05. Proceedings of the 21st IEEE International Conference on},
  pages={661--664},
  year={2005},
  organization={IEEE}
}